<?xml version="1.0" encoding="UTF-8"?><collection xmlns="http://www.loc.gov/MARC21/slim"><record><leader>00449nam--2200169-i-4500</leader><controlfield tag="001">000045740</controlfield><controlfield tag="002">20161230</controlfield><controlfield tag="005">20161230201045</controlfield><controlfield tag="008">060222s1000------------r-----000-0-eng-d</controlfield><datafield ind1=" " ind2=" " tag="040"><subfield code="a">IFIN-HH</subfield></datafield><datafield ind1=" " ind2=" " tag="080"><subfield code="a">531.19:519.218.84(075.9)</subfield></datafield><datafield ind1="1" ind2=" " tag="100"><subfield code="a">Truesdell,C</subfield></datafield><datafield ind1=" " ind2=" " tag="245"><subfield code="a">Six lectures on modern natural philosophy</subfield><subfield code="c">C. Truesdell</subfield></datafield><datafield ind1=" " ind2=" " tag="260"><subfield code="a">Berlin, Springer-verlag, 1966</subfield></datafield><datafield ind1=" " ind2=" " tag="300"><subfield code="a">117 P</subfield></datafield><datafield ind1=" " ind2=" " tag="852"><subfield code="a">75344</subfield><subfield code="c">519.2</subfield></datafield><datafield ind1=" " ind2=" " tag="CAT"><subfield code="a">Sys</subfield><subfield code="c">20100616</subfield><subfield code="h">135516</subfield></datafield></record></collection>